<?xml version="1.0" encoding="UTF-8"?><collection xmlns="http://www.loc.gov/MARC21/slim"><record><leader>00370nam--2200133-i-4500</leader><controlfield tag="001">000041854</controlfield><controlfield tag="002">20161230</controlfield><controlfield tag="005">20161230201043</controlfield><controlfield tag="008">060222s1000------------r-----000-0-eng-d</controlfield><datafield ind1=" " ind2=" " tag="080"><subfield code="a">535</subfield></datafield><datafield ind1=" " ind2=" " tag="100"><subfield code="a">Sliwinski,Antoni</subfield></datafield><datafield ind1=" " ind2=" " tag="245"><subfield code="a">Oddzialywanie pomidzy swiatem i fala ultradzwiekowa w osrodku z fluktuacjami gesgestosci</subfield></datafield><datafield ind1=" " ind2=" " tag="260"><subfield code="a">Poznan, Univ.,1964. 79 P</subfield></datafield><datafield ind1=" " ind2=" " tag="852"><subfield code="a">28057</subfield></datafield></record></collection>